@online{joshclark:1,
    author = "Josh Clark",
    title = "Seven deadly myths of Mobile",
    url  = "https://www.youtube.com/watch?v=_F85eutt82Y",
    addendum = "(accessed: 20.07.2019)",
    keywords = "myths, mobile"
}

@online{typog,
	author = "Android",
	title = "Material design: Typography",
	url  = "https://material.io/design/typography/the-type-system.html",
	addendum = "(accessed: 20.07.2019)",
	keywords = "typography"
}

@online{acc,
	author = "Android",
	title = "Material design: Accessibility",
	url  = "https://material.io/design/usability/accessibility.html",
	addendum = "(accessed: 20.07.2019)",
	keywords = "accessibility,md"
}

@online{button:1,
	author = "Android",
	title = "Material design: Hierarchy and Placement",
	url  = "https://material.io/design/components/buttons.html#hierarchy-placement",
	addendum = "(accessed: 20.07.2019)",
	keywords = "accessibility,md"
}

@online{dev:1,
	author = "Google",
	title = "Android API: Fragments",
	url  = "https://developer.android.com/guide/components/fragments",
	addendum = "(accessed: 20.07.2019)",
	keywords = "accessibility,md"
}

@online{button:2,
	author = "Android",
	title = "Material Design: Color and Contrast",
	url  = "https://material.io/design/components/buttons.html#hierarchy-placement",
	addendum = "(accessed: 20.07.2019)",
	keywords = "accessibility,md"
}

@online{text,
	author = "Android",
	title = "Material design: Text fields",
	url  = "https://material.io/design/components/text-fields.html#usage",
	addendum = "(accessed: 20.07.2019)",
	keywords = "accessibility,md"
}

@online{icons:1,
	author = "Android",
	title = "Material design: System Icons",
	url  = "https://material.io/design/iconography/system-icons.html#",
	addendum = "(accessed: 20.07.2019)",
	keywords = "accessibility,md"
}

@online{parcel,
	author = "Google",
	title = "Android API: Parcelable",
	url  = "https://developer.android.com/reference/android/os/Parcelable",
	addendum = "(accessed: 20.07.2019)",
	keywords = "accessibility,md"
}

@online{modality,
	author = "Apple",
	title = "Human Interface Guidelines: Modality",
	url  = "https://developer.apple.com/design/human-interface-guidelines/ios/app-architecture/modality/",
	addendum = "(accessed: 20.07.2019)",
	keywords = "accessibility,md"
}

@online{popover,
	author = "Apple",
	title = "Human Interface Guidelines: Popovers",
	url  = "https://developer.apple.com/design/human-interface-guidelines/ios/views/popovers/",
	addendum = "(accessed: 20.07.2019)",
	keywords = "accessibility,md"
}

@online{feedback,
	author = "Apple",
	title = "Human Interface Guidelines: Feedback",
	url  = "https://developer.apple.com/design/human-interface-guidelines/ios/user-interaction/feedback/",
	addendum = "(accessed: 20.07.2019)",
	keywords = "accessibility,md"
}
@online{animation,
	author = "Apple",
	title = "Human Interface Guidelines: Animation",
	url  = "https://developer.apple.com/design/human-interface-guidelines/ios/visual-design/animation/",
	addendum = "(accessed: 20.07.2019)",
	keywords = "accessibility,md"
}
@online{color,
	author = "Apple",
	title = "Human Interface Guidelines: Color",
	url  = "https://developer.apple.com/design/human-interface-guidelines/ios/visual-design/color/",
	addendum = "(accessed: 20.07.2019)",
	keywords = "accessibility,md"
}
@online{elevation,
	author = "Apple",
	title = "Human Interface Guidelines: Materials",
	url  = "https://developer.apple.com/design/human-interface-guidelines/ios/visual-design/materials/",
	addendum = "(accessed: 20.07.2019)",
	keywords = "accessibility,md"
}

@online{progress,
	author = "Apple",
	title = "Human Interface Guidelines: Progress Indicators",
	url  = "https://developer.apple.com/design/human-interface-guidelines/ios/controls/progress-indicators/",
	addendum = "(accessed: 20.07.2019)",
	keywords = "accessibility,md"
}


